@article{clark1980impact,
	title={The impact of unionization on productivity: A case study},
	author={Clark, Kim B},
	journal={ILR Review},
	volume={33},
	number={4},
	pages={451--469},
	year={1980},
	publisher={SAGE Publications Sage CA: Los Angeles, CA}
}

@article{doucouliagos2003unions,
	title={What do unions do to productivity? A meta-analysis},
	author={Doucouliagos, Christos and Laroche, Patrice},
	journal={Industrial Relations: A Journal of Economy and Society},
	volume={42},
	number={4},
	pages={650--691},
	year={2003},
	publisher={Wiley Online Library}
}


@article{freeman1985unions,
	title={" What Do Unions Do"? By Richard B. Freeman and James L. Medoff: Reply to Reder},
	author={Freeman, Richard B and Medoff, James L},
	journal={Industrial and Labor Relations Review},
	volume={38},
	number={4},
	pages={642},
	year={1985},
	publisher={Cornell University, New York State School of Industrial and Labor Relations.}
}

@misc{freeman1979two,
	title={The two faces of unionism},
	author={Freeman, Richard B and Medoff, James L},
	year={1979},
	publisher={National Bureau of Economic Research Cambridge, Mass., USA}
}

@article{freeman1980unionism,
	title={Unionism and the Dispersion of Wages},
	author={Freeman, Richard B},
	journal={ILR Review},
	volume={34},
	number={1},
	pages={3--23},
	year={1980},
	publisher={SAGE Publications Sage CA: Los Angeles, CA}
}

@book{hirschman1972exit,
	title={Exit, voice, and loyalty: Responses to decline in firms, organizations, and states},
	author={Hirschman, Albert O},
	year={1972},
	publisher={Harvard university press}
}

@article{kuhn1998unions,
	title={Unions and the economy: what we know; what we should know},
	author={Kuhn, Peter},
	journal={Canadian Journal of Economics},
	pages={1033--1056},
	year={1998},
	publisher={JSTOR}
}

@article{meltzer1965labor,
	title={Labor Unions, Collective Bargaining, and the Antitrust Laws},
	author={Meltzer, Bernard D},
	journal={The University of Chicago Law Review},
	volume={32},
	number={4},
	pages={659--734},
	year={1965},
	publisher={JSTOR}
}