@article{hilt2017economic,
	title={Economic history, historical analysis, and the ``new history of capitalism''},
	author={Hilt, Eric},
	journal={The Journal of Economic History},
	volume={77},
	number={2},
	pages={511--536},
	year={2017},
	publisher={Cambridge University Press}
}


@book{beckert2012history,
	title={History of American capitalism},
	author={Beckert, Sven},
	year={2012},
	publisher={American Historical Association}
}

@book{evans2014altered,
	title={Altered pasts: Counterfactuals in history},
	author={Evans, Richard J},
	year={2014},
	publisher={Brandeis University Press}
}