
@article{bianchi2024fiscal,
	title={Fiscal stimulus with imperfect expectations: Spending vs. tax policy},
	author={Bianchi-Vimercati, Riccardo and Eichenbaum, Martin and Guerreiro, Joao},
	journal={Journal of Economic Theory},
	volume={217},
	pages={105814},
	year={2024},
	publisher={Elsevier}
}

@article{calvo1983staggered,
	title={Staggered prices in a utility-maximizing framework},
	author={Calvo, Guillermo A},
	journal={Journal of monetary Economics},
	volume={12},
	number={3},
	pages={383--398},
	year={1983},
	publisher={Elsevier}
}

@article{christiano2011government,
	title={When is the government spending multiplier large?},
	author={Christiano, Lawrence and Eichenbaum, Martin and Rebelo, Sergio},
	journal={Journal of Political Economy},
	volume={119},
	number={1},
	pages={78--121},
	year={2011},
	publisher={University of Chicago Press Chicago, IL}
}

@article{correia2013unconventional,
	title={Unconventional fiscal policy at the zero bound},
	author={Correia, Isabel and Farhi, Emmanuel and Nicolini, Juan Pablo and Teles, Pedro},
	journal={American Economic Review},
	volume={103},
	number={4},
	pages={1172--1211},
	year={2013},
	publisher={American Economic Association}
}

@inproceedings{eggertsson2004optimal,
	title={Optimal Monetary and Fiscal Policy in a Liquidity Trap [with Comments]},
	author={Eggertsson, Gauti B and Woodford, Michael and Einarsson, Tor and Leeper, Eric M},
	booktitle={NBER international seminar on macroeconomics},
	volume={2004},
	number={1},
	pages={75--144},
	year={2004},
	organization={The University of Chicago Press Chicago, IL}
}

@article{eggertsson2011fiscal,
	title={What fiscal policy is effective at zero interest rates?},
	author={Eggertsson, Gauti B},
	journal={NBER macroeconomics annual},
	volume={25},
	number={1},
	pages={59--112},
	year={2011},
	publisher={University of Chicago Press Chicago, IL}
}

@article{ferriere2024heterogeneous,
	title={The heterogeneous effects of government spending: It's all about taxes},
	author={Ferriere, Axelle and Navarro, Gaston},
	journal={Review of Economic Studies},
	pages={rdae032},
	year={2024},
	publisher={Oxford University Press UK}
}

@article{gabaix2014sparsity,
	title={A sparsity-based model of bounded rationality},
	author={Gabaix, Xavier},
	journal={The Quarterly Journal of Economics},
	volume={129},
	number={4},
	pages={1661--1710},
	year={2014},
	publisher={MIT Press}
}

@techreport{gabaix2016behavioral,
	title={Behavioral macroeconomics via sparse dynamic programming},
	author={Gabaix, Xavier},
	year={2016},
	institution={National Bureau of Economic Research}
}


incollection{gabaix2019behavioral,
	title={Behavioral inattention},
	author={Gabaix, Xavier},
	booktitle={Handbook of behavioral economics: Applications and foundations 1},
	volume={2},
	pages={261--343},
	year={2019},
	publisher={Elsevier}
}

@article{gabaix2020behavioural,
	title={A behavioral New Keynesian model},
	author={Gabaix, Xavier},
	journal={American Economic Review},
	volume={110},
	number={8},
	pages={2271--2327},
	year={2020},
	publisher={American Economic Association 2014 Broadway, Suite 305, Nashville, TN 37203}
}

@article{lubik2021fiscal,
	title={Fiscal Policy Perceptions in a Behavioral New Keynesian Model},
	author={Lubik, Thomas A and Marzo, Massimiliano},
	journal={Annals of Economics and Finance},
	volume={22},
	number={2},
	pages={255--287},
	year={2021},
	publisher={Peking University Press}
}


@article{pfauti2022behavioral,
	title={A behavioral heterogeneous agent New Keynesian model},
	author={Pf{\"a}uti, Oliver and Seyrich, Fabian},
	year={2022},
	publisher={DIW Berlin Discussion Paper}
}

@article{uhlig2010some,
	title={Some fiscal calculus},
	author={Uhlig, Harald},
	journal={American Economic Review},
	volume={100},
	number={2},
	pages={30--34},
	year={2010},
	publisher={American Economic Association}
}

@inproceedings{woodford1998control,
	title={Control of the public debt: a requirement for price stability?},
	author={Woodford, Michael},
	booktitle={The Debt Burden and its Consequences for Monetary Policy: Proceedings of a Conference held by the International Economic Association at the Deutsche Bundesbank, Frankfurt, Germany},
	pages={117--158},
	year={1998},
	organization={Springer}
}

@article{woodford2013macroeconomic,
	title={Macroeconomic analysis without the rational expectations hypothesis},
	author={Woodford, Michael},
	journal={Annu. Rev. Econ.},
	volume={5},
	number={1},
	pages={303--346},
	year={2013},
	publisher={Annual Reviews}
}

