@article{gabaix2020granular,
	title={Granular instrumental variables},
	author={Gabaix, Xavier and Koijen, Ralph SJ},
	year={2020}
}

@techreport{gabaix2021search,
	title={In search of the origins of financial fluctuations: The inelastic markets hypothesis},
	author={Gabaix, Xavier and Koijen, Ralph SJ},
	year={2021},
	institution={National Bureau of Economic Research}
}

@techreport{gabaix2024asset,
	title={Asset demand of us households},
	author={Gabaix, Xavier and Koijen, Ralph SJ and Mainardi, Federico and Oh, Sangmin and Yogo, Motohiro},
	year={2024},
	institution={National Bureau of Economic Research}
}

@article{haddad2021competitive,
	title={How competitive is the stock market? theory, evidence from portfolios, and implications for the rise of passive investing},
	author={Haddad, Valentin and Huebner, Paul and Loualiche, Erik},
	journal={Theory, Evidence from Portfolios, and Implications for the Rise of Passive Investing (April 7, 2021)},
	year={2021}
}

@article{koijen2019demand,
	title={A demand system approach to asset pricing},
	author={Koijen, Ralph SJ and Yogo, Motohiro},
	journal={Journal of Political Economy},
	volume={127},
	number={4},
	pages={1475--1515},
	year={2019},
	publisher={The University of Chicago Press Chicago, IL}
}

@article{tsoulfidis2022new,
	title={A new method of identifying key industries: a principal component analysis},
	author={Tsoulfidis, Lefteris and Athanasiadis, Ioannis},
	journal={Journal of Economic Structures},
	volume={11},
	number={1},
	pages={2},
	year={2022},
	publisher={Springer}
}

@article{stock2002forecasting,
	title={Forecasting using principal components from a large number of predictors},
	author={Stock, James H and Watson, Mark W},
	journal={Journal of the American statistical association},
	volume={97},
	number={460},
	pages={1167--1179},
	year={2002},
	publisher={Taylor \& Francis}
}