@article{bussiere2013exchange,
	title={Exchange Rate Pass-Through in the Global Economy},
	author={Bussi{\`e}re, Matthieu and Delle Chiaie, Simona and Peltonen, Tuomas A},
	journal={Available at SSRN 2226259},
	year={2013}
}

@article{bussiere2020global,
	title={Global trade flows: Revisiting the exchange rate elasticities},
	author={Bussi{\`e}re, Matthieu and Gaulier, Guillaume and Steingress, Walter},
	journal={Open Economies Review},
	volume={31},
	pages={25--78},
	year={2020},
	publisher={Springer}
}

@article{ha2020inflation,
	title={Inflation and exchange rate pass-through},
	author={Ha, Jongrim and Stocker, M Marc and Yilmazkuday, Hakan},
	journal={Journal of International Money and Finance},
	volume={105},
	pages={102187},
	year={2020},
	publisher={Elsevier}
}

@techreport{lemaire2023international,
	title={International Commodity Prices Transmission to Consumer Prices in Africa},
	author={Lemaire, Thibault and Vertier, Paul},
	year={2023},
	institution={FERDI Working Paper}
}

@article{jorda2005estimation,
	title={Estimation and inference of impulse responses by local projections},
	author={Jord{\`a}, {\`O}scar},
	journal={American economic review},
	volume={95},
	number={1},
	pages={161--182},
	year={2005},
	publisher={American Economic Association}
}


@book{razafimahefa2012exchange,
	title={Exchange rate pass-through in sub-Saharan African economies and its determinants},
	author={Razafimahefa, Mr Ivohasina Fizara},
	year={2012},
	publisher={International Monetary Fund}
}